%% ------------ Articles ------------
@misc{cirelli2010pppc,
    title={{PPPC} 4 {DM} {ID}: A Poor Particle Physicist Cookbook for Dark Matter Indirect Detection},
    author={Marco Cirelli and Gennaro Corcella and Andi Hektor and Gert Hütsi and Mario Kadastik and Paolo Panci and Martti Raidal and Filippo Sala and Alessandro Strumia},
    year={2010},
    eprint={1012.4515},
    archivePrefix={arXiv},
    primaryClass={hep-ph}
}

%% Defines the NFW DM profile. Based on N-body simulations.
@misc{navarro1995structure,
    title={The Structure of Cold Dark Matter Halos},
    author={Julio F. Navarro and Carlos S. Frenk and Simon D. M. White},
    year={1995},
    eprint={astro-ph/9508025},
    archivePrefix={arXiv},
    primaryClass={astro-ph}
}

%% Defines the Burkert DM profile. Based on galactic data.
@misc{salucci2000dark,
    title={Dark Matter Scaling Relations},
    author={Paolo Salucci and Andreas Burkert},
    year={2000},
    eprint={astro-ph/0004397},
    archivePrefix={arXiv},
    primaryClass={astro-ph}
}

%% Discusses the steeper Einasto profile that fits better the core region. Based on N-body simulations. See the Aquarius 
% Project, part of the Virgo Collaboration.
@misc{tissera2009dark,
    title={Dark matter response to galaxy formation},
    author={Patricia B. Tissera and Simon D. M. White and Susana Pedrosa and Cecilia Scannapieco},
    year={2009},
    eprint={0911.2316},
    archivePrefix={arXiv},
    primaryClass={astro-ph.CO}
}

%% A discussion about the isothermal profile.
@article{begeman1991extended,
	title = {Extended rotation curves of spiral galaxies: dark haloes and modified dynamics},
	volume = {249},
	issn = {0035-8711, 1365-2966},
	shorttitle = {Extended rotation curves of spiral galaxies},
	url = {https://academic.oup.com/mnras/article-lookup/doi/10.1093/mnras/249.3.523},
	doi = {10.1093/mnras/249.3.523},
	number = {3},
	journal = {Monthly Notices of the Royal Astronomical Society},
	author = {Begeman, K. G. and Broeils, A. H. and Sanders, R. H.},
	month = apr,
	year = {1991},
	pages = {523--537}
}

%% The Moore profile.
@misc{diem2004convergence,
    title={Convergence and scatter of cluster density profiles},
    author={Juerg Diemand and Ben Moore and Joachim Stadel},
    year={2004},
    eprint={astro-ph/0402267},
    archivePrefix={arXiv},
    primaryClass={astro-ph}
}

%% Discusses the shape of DM halos based on N-body simulations of galactic halos. Describes them as triaxial ellipsoid that
% fits the majority of known simulated halos.
@misc{jing2002triaxial,
    title={Triaxial Modeling of Halo Density Profiles with High-resolution N-body Simulations},
    author={Y. P. Jing and Yasushi Suto},
    year={2002},
    eprint={astro-ph/0202064},
    archivePrefix={arXiv},
    primaryClass={astro-ph}
}

%% Discusses the triaxility of MW DM halo using the tidal stream caused by the disruption of the Saggitarius dwarf SagDEG (M54
% is supposed to be its core).
@misc{law2009evidence,
    title={Evidence for a Triaxial Milky Way Dark Matter Halo from the Sagittarius Stellar Tidal Stream},
    author={David R. Law and Steven R. Majewski and Kathryn V. Johnston},
    year={2009},
    eprint={0908.3187},
    archivePrefix={arXiv},
    primaryClass={astro-ph.GA}
}

%% Discusses the hierarchical assembly of DM halos: subhalos are formed inside halos (creating substructures that can be probed
% by lensing? See Brehmer 2019, below.)
@misc{ghigna1999density,
    title={Density profiles and substructure of dark matter halos: converging results at ultra-high numerical resolution},
    author={Sebastiano Ghigna and Ben Moore and Fabio Governato and George Lake and Tom Quinn and Joachim Stadel},
    year={1999},
    eprint={astro-ph/9910166},
    archivePrefix={arXiv},
    primaryClass={astro-ph}
}

%% Nice application of machine learning and likelihood-free inference to probe DM substructures. 
@misc{brehmer2019mining,
    title={Mining for Dark Matter Substructure: Inferring subhalo population properties from strong lenses with machine learning},
    author={Johann Brehmer and Siddharth Mishra-Sharma and Joeri Hermans and Gilles Louppe and Kyle Cranmer},
    year={2019},
    eprint={1909.02005},
    archivePrefix={arXiv},
    primaryClass={astro-ph.CO}
}

%% Gamma-ray signal from DM annihilation with a model of subhalos. They show that for our galaxy the extragalactic annihilation
% signal can only outweight the galactic one if rather extreme power law concentration-mass relations that determine the
% boost function associated with the subhalos contribution to the annihilation are used. (I am yet to comprehend the basics 
% of this article).
@misc{htsi2010implications,
    title={Implications of the Fermi-LAT diffuse gamma-ray measurements on annihilating or decaying Dark Matter},
    author={Gert Hütsi and Andi Hektor and Martti Raidal},
    year={2010},
    eprint={1004.2036},
    archivePrefix={arXiv},
    primaryClass={astro-ph.HE}
}

%% The IAU convention on galactic coordinates. It is the convention used in astropy.
@article{iau1960galactic,
       author = {{Blaauw}, A. and {Gum}, C.~S. and {Pawsey}, J.~L. and {Westerhout}, G.},
        title = "{The new I. A. U. system of galactic coordinates (1958 revision)}",
      journal = {\mnras},
         year = 1960,
        month = jan,
       volume = {121},
        pages = {123},
          doi = {10.1093/mnras/121.2.123},
       adsurl = {https://ui.adsabs.harvard.edu/abs/1960MNRAS.121..123B},
      adsnote = {Provided by the SAO/NASA Astrophysics Data System}
}


%% ------------ Books ------------
@book{mould2001,
  title={Basic {R}elativity},
  author={Mould, R.A.},
  series={Springer {S}tudy {E}dition},
  year={2001},
  publisher={Springer New York}
}

% Chapters 6, 7, 8 on Spherical Astronomy, Coordinate Systems and Timekeeping are specially nice. I am very fonder of this
% book.
@book{roy1982astronomy,
  title={Astronomy: {P}rinciples and {P}ractice},
  author={Roy, A.E. and Clarke, D.},
  isbn={9780852744635},
  lccn={82220358},
  year={1982},
  publisher={A. Hilger}
}
